@Manual{Mati2020a,
    title = {EviewsR: A Seamless Integration of {EViews} and {R}},
    author = {Sagiru Mati},
    year = {2020},
    note = {R package version 0.1.5},
    url = {https://CRAN.R-project.org/package=EviewsR},
  }

 @Article{Mati2020,
    title = {DynareR: Bringing the Power of Dynare to {R, R Markdown, and
Quarto}},
    author = {Sagiru Mati},
    year = {2020},
    journal = {CRAN},
    url = {https://CRAN.R-project.org/package=DynareR},
  }

 @Manual{Mati2020b,
    title = {gretlR: A Seamless Integration of {Gretl} and {R}},
    author = {Sagiru Mati},
    year = {2020},
    note = {R package version 0.1.4},
    url = {https://CRAN.R-project.org/package=gretlR},
  }

@Article{Mati2023,
  author    = {Mati, Sagiru and Civcir, Irfan and Abba, S. I.},
  journal   = {The R Journal},
  title     = {{EviewsR}: An R Package for Dynamic and Reproducible Research Using {EViews}, R, R Markdown and Quarto},
  year      = {2023},
  month     = {nov},
  number    = {2},
  pages     = {169--205},
  volume    = {15},
  doi       = {10.32614/rj-2023-045},
  publisher = {The R Foundation},
}

 @Manual{Mati2023a,
    title = {{URooTab}: Tabular Reporting of {EViews} Unit Root Tests},
    author = {Sagiru Mati},
    year = {2023},
    note = {R package version 0.1.0},
    url = {https://github.com/sagirumati/URooTab},
  }


@article{mati2022eviewsr,
  title={Package ‘EviewsR’},
   url={https://cran.r-project.org/web/packages/EviewsR/EviewsR.pdf},
  author={Mati, Sagiru},
  year={2022}
}


@article{mati2022dynarer,
  title={Package ‘DynareR’},
  author={Mati, Sagiru},
   url={https://cran.r-project.org/web/packages/DynareR/DynareR.pdf},
  year={2022}
}

@article{mati2022gretlr,
  title={Package ‘gretlR’},
  author={Mati, Sagiru},
  url={https://cran.r-project.org/web/packages/gretlR/gretlR.pdf},
  year={2022}
}

@article{mati2023urootab,
  title={Package ‘URooTab’},
  author={Mati, Sagiru},
  year={2023},
  url={https://cran.r-project.org/web/packages/URooTab/URooTab.pdf}
}


@Article{Mati2023b,
  author    = {Mati, Sagiru and Radulescu, Magdalena and Saqib, Najia and Samour, Ahmed and Ismael, Goran Yousif and Aliyu, Nazifi},
  journal   = {Heliyon},
  title     = {Incorporating Russo-Ukrainian war in Brent crude oil price forecasting: A comparative analysis of ARIMA, TARMA and ENNReg models},
  year      = {2023},
  issn      = {2405-8440},
  month     = nov,
  number    = {11},
  pages     = {e21439},
  volume    = {9},
  doi       = {10.1016/j.heliyon.2023.e21439},
  publisher = {Elsevier BV},
}


@Article{Mati2023c,
  author    = {Mati, Sagiru and Civcir, Irfan and Özdeşer, Hüseyin},
  journal   = {Panoeconomicus},
  title     = {ECOWAS common currency, a mirage or possibility?},
  year      = {2023},
  issn      = {2217-2386},
  number    = {2},
  pages     = {239--260},
  volume    = {70},
  doi       = {10.2298/pan191119015m},
  publisher = {National Library of Serbia},
}


@Article{Mati2019,
  author    = {Mati, Sagiru and Civcir, Irfan and Ozdeser, Hüseyin},
  journal   = {Investigación Económica},
  title     = {ECOWAS COMMON CURRENCY: HOW PREPARED ARE ITS MEMBERS?},
  year      = {2019},
  issn      = {0185-1667},
  month     = may,
  number    = {308},
  pages     = {89},
  volume    = {78},
  doi       = {10.22201/fe.01851667p.2019.308.69625},
  publisher = {Universidad Nacional Autonoma de Mexico},
}


@Article{Mati2021,
  author    = {Mati, Sagiru},
  journal   = {Social Science &amp; Medicine},
  title     = {Do as your neighbours do? Assessing the impact of lockdown and reopening on the active COVID-19 cases in Nigeria},
  year      = {2021},
  issn      = {0277-9536},
  month     = feb,
  pages     = {113645},
  volume    = {270},
  doi       = {10.1016/j.socscimed.2020.113645},
  publisher = {Elsevier BV},
}

@Comment{jabref-meta: databaseType:bibtex;}
